@article{adam,
  title={Adam: A method for stochastic optimization},
  author={Kingma, Diederik P and Ba, Jimmy},
  journal={arXiv preprint arXiv:1412.6980},
  year={2014}
}

@article{DBLP:journals/corr/GuWKMSSLWW15,
  author    = {Jiuxiang Gu and
               Zhenhua Wang and
               Jason Kuen and
               Lianyang Ma and
               Amir Shahroudy and
               Bing Shuai and
               Ting Liu and
               Xingxing Wang and
               Gang Wang},
  title     = {Recent Advances in Convolutional Neural Networks},
  journal   = {CoRR},
  volume    = {abs/1512.07108},
  year      = {2015},
  url       = {http://arxiv.org/abs/1512.07108},
  archivePrefix = {arXiv},
  eprint    = {1512.07108},
  timestamp = {Wed, 23 Aug 2017 06:58:29 +0200},
  biburl    = {http://dblp.org/rec/bib/journals/corr/GuWKMSSLWW15},
  bibsource = {dblp computer science bibliography, http://dblp.org}
}

@article{villacampa2017scalable,
  title={Scalable multi-class Gaussian process classification using expectation propagation},
  author={Villacampa-Calvo, Carlos and Hern{\'a}ndez-Lobato, Daniel},
  journal={arXiv preprint arXiv:1706.07258},
  year={2017}
}

@ARTICLE{GPflow2017,
author = {Matthews, Alexander G. de G. and {van der Wilk}, Mark and Nickson, Tom and Fujii, Keisuke. and {Boukouvalas}, Alexis and {Le{‘o}n-Villagr{‘a}}, Pablo and Ghahramani, Zoubin and Hensman, James},
title = “{{GP}flow: A {G}aussian process library using {T}ensor{F}low}”,
journal = {Journal of Machine Learning Research},
year = {2017},
month = {apr},
volume = {18},
number = {40},
pages = {1-6},
url = {http://jmlr.org/papers/v18/16-537.html}
}

@article{hensman2015scalable,
  title={Scalable variational Gaussian process classification},
  author={Hensman, James and Matthews, Alexander G de G and Ghahramani, Zoubin},
  year={2015}
}

@article{DBLP:journals/corr/BasuKGDMN15,
  author    = {Saikat Basu and
               Manohar Karki and
               Sangram Ganguly and
               Robert DiBiano and
               Supratik Mukhopadhyay and
               Ramakrishna R. Nemani},
  title     = {Learning Sparse Feature Representations using Probabilistic Quadtrees
               and Deep Belief Nets},
  journal   = {CoRR},
  volume    = {abs/1509.03413},
  year      = {2015},
  url       = {http://arxiv.org/abs/1509.03413},
  archivePrefix = {arXiv},
  eprint    = {1509.03413},
  timestamp = {Wed, 07 Jun 2017 14:42:48 +0200},
  biburl    = {http://dblp.org/rec/bib/journals/corr/BasuKGDMN15},
  bibsource = {dblp computer science bibliography, http://dblp.org}
}

@article{chow1970optimum,
  title={On optimum recognition error and reject tradeoff},
  author={Chow, C},
  journal={IEEE Transactions on information theory},
  volume={16},
  number={1},
  pages={41--46},
  year={1970},
  publisher={IEEE}
}